@misc{project1,
    title={FYS3150 Computational Physics - Project 1},
    author={Morten Hjorth-Jensen},
    year={2018},
    note={\url{http://compphysics.github.io/ComputationalPhysics/doc/Projects/2018/Project1/pdf/Project1.pdf}}
}
@misc{lecture_ode,
    title={Computational Physics Lectures: Ordinary differential equations},
    author={Morten Hjorth-Jensen},
    year={2017},
    note={\url{http://compphysics.github.io/ComputationalPhysics/doc/pub/ode/pdf/ode-print.pdf}} 
}
@misc{lecture_linalg,
    title={Computational Physics Lectures: Linear Algebra methods},
    author={Morten Hjorth-Jensen},
    year={2018},
    note={\url{http://compphysics.github.io/ComputationalPhysics/doc/pub/linalg/pdf/linalg-print.pdf}}
}

