@misc{project3,
    title={FYS3150 Computational Physics - Project 3},
    author={Morten Hjorth-Jensen},
    year={2018},
    note={\url{http://compphysics.github.io/ComputationalPhysics/doc/Projects/2018/Project3/pdf/Project3.pdf}}
}

@misc{lecture_ode,
    title={Computational Physics Lectures: Ordinary differential equations},
    author={Morten Hjorth-Jensen},
    year={2017},
    note={\url{http://compphysics.github.io/ComputationalPhysics/doc/pub/ode/pdf/ode-print.pdf}} 
}

@misc{NASA,
	title={HORIZONS Web-Interface},
	author={NASA},
	year={2018},
	note={\url{https://ssd.jpl.nasa.gov/horizons.cgi#top}}
}
