@misc{project,
	title={FYS 3150: Computational Physics Project 5},
	author={Morten Hjorth-Jensen},
	note={{\scriptsize\url{http://compphysics.github.io/ComputationalPhysics/doc/Projects/2018/Project5/QuantumMonteCarlo/pdf/QuantumMonteCarlo.pdf}}}
}

@book{Griffiths,
	title={Introduction to Quantum Mechanics},
	author={David J. Griffiths},
	edition={\(2^\text{nd}\)},
	publisher={Prentice Hall, Inc.},
}

@misc{WikiAtomicUnits,
	title={Wikipedia: Atomic Units},
	howpublished={Online resource},
	note={{\scriptsize\url{https://en.wikipedia.org/wiki/Atomic_units}}}
}

@misc{montecarlo_lec_notes,
	title={FYS 3150 Lecture Notes: Introduction to Monte Carlo methods},
	author={Morten Hjorth-Jensen},
	note={{\scriptsize\url{http://compphysics.github.io/ComputationalPhysics/doc/pub/mcint/html/mcint.html}}}
}

@misc{quantum_lec_notes,
	title={FYS 3150 Lecture Notes: Variational Monte Carlo methods},
	author={Morten Hjorth-Jensen},
	note={{\scriptsize\url{http://compphysics.github.io/ComputationalPhysics/doc/pub/vmc/pdf/vmc-print.pdf}}}
}