@misc{project,
	title={FYS 3150: Computational Physics Project 4},
	author={Morten Hjorth-Jensen},
	note={{\scriptsize\url{http://compphysics.github.io/ComputationalPhysics/doc/Projects/2018/Project4/pdf/Project4.pdf}}}
}

@misc{statphys,
	title={FYS 3150 Lecture Notes: Statistical Physics},
	author={Morten Hjorth-Jensen},
	note={{\scriptsize\url{http://compphysics.github.io/ComputationalPhysics/doc/pub/statphys/html/statphys.html}}}
}

@book{thermal_and_stat,
	title={Thermal and Statistical Physics},
	author={Harvey Gould and Jan Tobochnik},
	year={2011},
	note={publisher: Princeton Unversity Press, online version: {\scriptsize\url{http://stp.clarku.edu/notes/}}}
}

@misc{animation,
	title={Animation of a sheet being folded into a torus.},
	note={{\scriptsize\url{https://mathematica.stackexchange.com/questions/42493/morphing-a-sheet-of-paper-into-a-torus}}}
}

@misc{montecarlo_lec_notes,
	title={FYS 3150 Lecture Notes: Introduction to Monte Carlo methods},
	author={Morten Hjorth-Jensen},
	note={{\scriptsize\url{http://compphysics.github.io/ComputationalPhysics/doc/pub/mcint/html/mcint.html}}}
}

@misc{montecarlo_Edwards,
	title={Monte Carlo Integration},
	author={Dave Edwards},
	note={{\scriptsize\url{http://www.cs.utah.edu/~edwards/research/mcIntegration.pdf}}}
}
